<?xml version="1.0" encoding="UTF-8"?><collection xmlns="http://www.loc.gov/MARC21/slim"><record><leader>00711nam--2200181-i-4500</leader><controlfield tag="001">000009923</controlfield><controlfield tag="002">20161230</controlfield><controlfield tag="005">20161230201028</controlfield><controlfield tag="008">060222s1000------------r-----000-0-eng-d</controlfield><datafield ind1=" " ind2=" " tag="040"><subfield code="a">IFIN-HH</subfield></datafield><datafield ind1=" " ind2=" " tag="080"><subfield code="a">537.531</subfield></datafield><datafield ind1="1" ind2=" " tag="100"><subfield code="a">Brill, R</subfield></datafield><datafield ind1="1" ind2="0" tag="245"><subfield code="a">Advances in structure research by diffraction methods.fortschritte der strukturforschung mit beugungsmethoden</subfield><subfield code="b">Volume 3. with contributions of a. authier, k. kambe/k. moliere, r. hosemann/a. schonfeld/w. wilke, a.i. kitajgorodskij</subfield><subfield code="c">R. brill, r. mason (eds.)</subfield></datafield><datafield ind1=" " ind2=" " tag="260"><subfield code="a">Oxford</subfield><subfield code="b">Pergamon Press</subfield><subfield code="c">1970</subfield></datafield><datafield ind1=" " ind2=" " tag="300"><subfield code="a">251P</subfield></datafield><datafield ind1=" " ind2=" " tag="490"><subfield code="a">Advances In Structure Research By Diffraction Methods</subfield><subfield code="v">Volume 3</subfield></datafield><datafield ind1=" " ind2=" " tag="852"><subfield code="a">22403</subfield><subfield code="c">537.531</subfield></datafield><datafield ind1=" " ind2=" " tag="CAT"><subfield code="a">Sys</subfield><subfield code="c">20110809</subfield><subfield code="h">133753</subfield></datafield></record></collection>